<?xml version="1.0" encoding="UTF-8"?><collection xmlns="http://www.loc.gov/MARC21/slim"><record><leader>00344nam--2200121-i-4500</leader><controlfield tag="001">000030844</controlfield><controlfield tag="002">20161230</controlfield><controlfield tag="005">20161230201038</controlfield><controlfield tag="008">060222s1000------------r-----000-0-eng-d</controlfield><datafield ind1=" " ind2=" " tag="080"><subfield code="a">678.06:620.191.2</subfield></datafield><datafield ind1=" " ind2=" " tag="245"><subfield code="a">Materiale noi cu mare rezistenta la coroziune. culegere de material documentar</subfield></datafield><datafield ind1=" " ind2=" " tag="260"><subfield code="a">Bucuresti, I.D.T., 1960, 116p</subfield></datafield><datafield ind1=" " ind2=" " tag="852"><subfield code="a">6744</subfield></datafield></record></collection>